<?xml version="1.0" encoding="UTF-8"?><collection xmlns="http://www.loc.gov/MARC21/slim"><record><leader>00350nam--2200121-i-4500</leader><controlfield tag="001">000049464</controlfield><controlfield tag="002">20161230</controlfield><controlfield tag="005">20161230201047</controlfield><controlfield tag="008">060222s1000------------r-----000-0-eng-d</controlfield><datafield ind1=" " ind2=" " tag="100"><subfield code="a">Alekseev,F.A</subfield></datafield><datafield ind1=" " ind2=" " tag="245"><subfield code="a">Iadernaia geofizika pri poiskah paemyh. (novye radioaktivnye metody issledovaniia)</subfield></datafield><datafield ind1=" " ind2=" " tag="260"><subfield code="a">Moskva, Gostoptehizdat, 1960. 286 S</subfield></datafield><datafield ind1=" " ind2=" " tag="852"><subfield code="a">6441</subfield></datafield></record></collection>